%% This BibTeX bibliography file was created using BibDesk.
%% http://bibdesk.sourceforge.net/


%% Created for Garrett Grolemund at 2012-06-08 13:44:14 -0500 


%% Saved with string encoding Unicode (UTF-8) 



@article{wickham2010layered,
	Author = {Wickham, H.},
	Date-Added = {2012-06-08 18:43:45 +0000},
	Date-Modified = {2012-06-08 18:43:45 +0000},
	Journal = {Journal of Computational and Graphical Statistics},
	Number = {1},
	Pages = {3--28},
	Publisher = {Taylor \& Francis},
	Title = {A layered grammar of graphics},
	Volume = {19},
	Year = {2010}}

@book{wilkinson2005grammar,
	Author = {Wilkinson, L. and Wills, G.},
	Date-Added = {2012-06-08 18:42:46 +0000},
	Date-Modified = {2012-06-08 18:42:46 +0000},
	Publisher = {Springer Verlag},
	Title = {The grammar of graphics},
	Year = {2005}}

@article{wickham2012glyph,
	Author = {Hadley Wickham and Heike Hofmann and Charlotte Wickham and Diane Cook},
	Journal = {Environmetrics},
	Title = {Glyph-maps for Visually Exploring Temporal Patterns in Climate Data and Models},
	Year = {Submitted}}

@article{wickham2011split,
	Author = {Hadley Wickham},
	Journal = {Journal of Statistical Software},
	Number = {1},
	Pages = {1--29},
	Selected = {TRUE},
	Title = {The split-apply-combine strategy for data analysis},
	Url = {http://www.jstatsoft.org/v40/i01/},
	Volume = {40},
	Year = {2011},
	Bdsk-Url-1 = {http://www.jstatsoft.org/v40/i01/}}
